2020/07/08 * 被仕向外貨送金  OKANE. INC.
    Assets:Okane Bank                      24,000.11 USD = 31,691.78 USD
    ! Income:Unknown                      -24,000.11 USD

2020/07/11 * 円普通預金より振替（デビット）
    ; original_rate: 114.0500 JPY/CHF
    Assets:Okane Bank                          23.45 CHF @ 113.6 JPY = 23.45 CHF
    Expenses:Commissions                          11 JPY
    ; Payee: Okane Bank (commission)
    Assets:Wire                               -2,675 JPY

2020/07/11 * (785403) Hamachi Super
    Expenses:Grocery                           23.45 CHF
    Assets:Okane Bank                         -23.45 CHF = 0.00 CHF

2020/07/29 * 外貨普通預金（スイスフラン）へ振替
    ; original_rate: 0.9108 CHF/ドル
    Assets:Wire                         1,000.003752 CHF
    Assets:Okane Bank                      -1,097.94 USD @ 0.9158 CHF = 31,691.78 USD
    Expenses:Commissions                        5.49 CHF
    ; Payee: Okane Bank (commission)

2020/07/29 * 外貨普通預金（米ドル）より振替
    Assets:Okane Bank                       1,000.00 CHF = 1,000.00 CHF
    Assets:Wire                            -1,000.00 CHF

2020/07/29 * 外貨普通預金（ユーロ）へ振替
    ; original_rate: 1.1767 ドル/EUR
    Assets:Wire                             2,000.00 EUR @ 1.1749 USD
    Expenses:Commissions                        3.60 USD
    ; Payee: Okane Bank (commission)
    Assets:Okane Bank                      -2,353.40 USD = 29,338.38 USD

2020/07/29 * 外貨普通預金（米ドル）より振替
    Assets:Okane Bank                       2,000.00 EUR = 2,000.00 EUR
    Assets:Wire                            -2,000.00 EUR

2020/07/30 * 円普通預金へ振替
    ; original_rate: 145.5200 JPY/ドル
    Assets:Wire                              398,819 JPY
    Assets:Okane Bank                      -2,740.65 USD @ 145.67 JPY = 26,597.73 USD
    Expenses:Commissions                         411 JPY
    ; Payee: Okane Bank (commission)

2025/06/27 * 円普通預金へ振替
    ; original_rate: 144.280000 JPY/ドル
    Assets:Wire                              721,400 JPY
    Assets:Okane Bank                      -5,000.00 USD @ 144.43 JPY = 21,597.73 USD
    Expenses:Commissions                         750 JPY
    ; Payee: Okane Bank (commission)

2025/09/18 * 円普通預金より振替
    ; original_rate: 174.460000 JPY/EUR
    Assets:Okane Bank                         573.19 EUR @ 174.31 JPY = 573.21 EUR
    Expenses:Commissions                          86 JPY
    ; Payee: Okane Bank (commission)
    Assets:Wire                             -100,000 JPY
    ! Equity:Adjustments                           1 JPY

