2021/10/01 * Initial Balance
    Equity:Adjustments                         -0.00 CHF
    Assets:Okane Bank                           0.00 CHF = 100.00 CHF

2021/10/01 * (20211031/1/1) Jiro Okane
    Assets:Wire:Money Bank                  -1000.00 CHF
    Assets:Okane Bank                        1000.00 CHF

2021/10/02 * Taro and Jiro
    Income:Salary                           -6000.00 CHF
    Assets:Okane Bank                        6000.00 CHF

2021/10/03 * (20211031/3/1) Herr Haus Okane und Frau Hause Okane
    Assets:Okane Bank                       -1880.00 CHF
    Expenses:House                           1880.00 CHF

2021/10/03 * (20211031/3/2) OKANE VERSICHERUNGEN
    Assets:Okane Bank                        -120.00 CHF
    ! Expenses:Insurance                      120.00 CHF

2021/10/04=2021/10/05 * (20211031/4/1) 山田商店
    Assets:Okane Bank                         -10.10 CHF
    Expenses:Grocery                           10.10 CHF

2021/10/05 * (20211031/5/1) EURO GROCERY
    Assets:Okane Bank                         -14.15 CHF
    Expenses:Grocery                           11.58 EUR @ 1.092059 CHF
    Expenses:Commissions                        1.50 CHF  ; Payee: Okane Bank (fee)
    Expenses:Commissions                        0.02 EUR  ; Payee: Okane Bank (fee)

2021/10/06 * (20211031/6/1) Hanako Steinmann
    Assets:Okane Bank                         -24.75 CHF
    ! Expenses:Unknown                         24.75 CHF

2021/10/07=2021/10/08 * (20211031/7/1) OTHER BANK NAIROBI
    Assets:Okane Bank                         -52.00 CHF
    Expenses:Cash                              50.00 CHF
    Expenses:Commissions                        2.00 CHF  ; Payee: Okane Bank (fee)

2021/10/08=2021/10/10 * (20211031/8/1) OKANE BANK ATM
    Assets:Okane Bank                        -437.60 CHF
    Expenses:Cash                             400.00 EUR @ 1.094 CHF

2021/12/31 * unknown payee
    ! Income:Unknown                           -0.05 CHF
    Assets:Okane Bank                           0.05 CHF

2022/01/03 * (20220103/9/1) unknown payee
    ! Income:Unknown                       -10014.00 CHF
    Assets:Okane Bank                       10000.00 CHF = 4561.90 CHF
    Expenses:Commissions                      -14.00 CHF  ; Payee: Okane Bank (fee)

