2020/07/08 * USD - 被仕向外貨送金  OKANE. INC.
    ! Income:Unknown                       -24000.11 USD
    Assets:Okane Bank                       24000.11 USD = 31691.78 USD

2020/07/11 * CHF - 円普通預金より振替（デビット）
    Assets:Wire                                -2675 JPY
    Assets:Okane Bank                          23.45 CHF @ 114.0500 JPY = 23.45 CHF

2020/07/11 * (785403) Hamachi Super
    Assets:Okane Bank                         -23.45 CHF = 0.00 CHF
    Expenses:Grocery                           23.45 CHF

2020/07/29 * USD - 外貨普通預金（スイスフラン）へ振替
    Assets:Okane Bank                       -1097.94 USD @ 0.9108 CHF = 31691.78 USD
    Assets:Wire                          1000.003752 CHF

2020/07/29 * CHF - 外貨普通預金（米ドル）より振替
    Assets:Wire                             -1000.00 CHF
    Assets:Okane Bank                        1000.00 CHF = 1000.00 CHF

2020/07/29 * USD - 外貨普通預金（ユーロ）へ振替
    Assets:Okane Bank                       -2353.40 USD = 29338.38 USD
    Assets:Wire                              2000.00 EUR @ 1.1767 USD

2020/07/29 * EUR - 外貨普通預金（米ドル）より振替
    Assets:Wire                             -2000.00 EUR
    Assets:Okane Bank                        2000.00 EUR = 2000.00 EUR

2020/07/30 * USD - 円普通預金へ振替
    Assets:Okane Bank                       -2740.65 USD @ 145.5200 JPY = 26597.73 USD
    Assets:Wire                               398819 JPY

